Cash Transaction Listing - Detail

"Start date","28/09/2022"
"End date","30/06/2025"
"Client name","Gambit Resources Trust"
"Client number","301585"
"Account number","WRAP075820"
"Product name","netwealth Wealth Accelerator"
"Asset holding options","All assets"
"Cash transaction listing options","Integrated Listing (including Managed Account transactions)"

Cash position at 30 June 2025
"Description","$"
"Cash Account - Available Cash","4143.89"
"Cash Account - Minimum Cash","5000.00"
"Cash Account - Pending","0"
"Cash Balance","9143.89"

Transactions by type
"Description","Amount"
"Opening Cash Balance","0.0"
"Administration Fees","-6279.74"
"Asset Purchase","-2901944.69"
"Asset Sale","696915.66"
"Asset Transfer In - Cash Adjustment","435502.75"
"Brokerage Fee","-2220.67"
"Cash Account Interest","2805.62"
"Distribution","96881.08"
"Family Fee Rebate - Administration Fees","1195.34"
"Fixed Term Advice Fee","-21846.61"
"Fund Manager Fee Rebate","234.55"
"Investment","1088349.58"
"Savings Plan","1000000.00"
"Transfer In","-178390.20"
"Withdrawal","-202058.78"
"Closing Cash Balance","9143.89"

Cash transactions
"Effective Date","Description","EFTReference","Narration","Employer","Asset","Code","Units","Debits","Credits","Cash balance","Purchase price","Sale price","TransactionListing Summary Group","Processed Date"
"30/06/2025","Closing Cash Balance","","","","","","0","0","0","9143.89","0","0","",""
"30/06/2025","Cash Account Interest","","","","Cash Account","","0.000000","0","26.19","9143.89","0","0","Cash account interest","03/07/2025"
"30/06/2025","Family Fee Rebate - Administration Fees","","","","","","0.000000","0","36.63","9117.70","0","0","Rebates & rewards","03/07/2025"
"30/06/2025","Fixed Term Advice Fee","","","","","","0.000000","717.53","0","9081.07","0","0","Advice fees","02/07/2025"
"30/06/2025","Administration Fees","","","","","","0.000000","205.48","0","9798.60","0","0","Administration costs","02/07/2025"
"24/06/2025","Withdrawal","","Compliance Fees","","","","0.000000","618.00","0","10004.08","0","0","Withdrawals & payments (inc Transfer-outs)","25/06/2025"
"31/05/2025","Cash Account Interest","","","","Cash Account","","0.000000","0","36.56","10622.08","0","0","Cash account interest","04/06/2025"
"31/05/2025","Family Fee Rebate - Administration Fees","","","","","","0.000000","0","38.43","10585.52","0","0","Rebates & rewards","03/06/2025"
"31/05/2025","Fixed Term Advice Fee","","","","","","0.000000","741.45","0","10547.09","0","0","Advice fees","02/06/2025"
"31/05/2025","Administration Fees","","","","","","0.000000","212.33","0","11288.54","0","0","Administration costs","02/06/2025"
"07/05/2025","Withdrawal","","UPE to Ben","","","","0.000000","10000.00","0","11500.87","0","0","Withdrawals & payments (inc Transfer-outs)","08/05/2025"
"30/04/2025","Cash Account Interest","","","","Cash Account","","0.000000","0","41.15","21500.87","0","0","Cash account interest","05/05/2025"
"30/04/2025","Family Fee Rebate - Administration Fees","","","","","","0.000000","0","41.99","21459.72","0","0","Rebates & rewards","02/05/2025"
"30/04/2025","Fixed Term Advice Fee","","","","","","0.000000","717.53","0","21417.73","0","0","Advice fees","02/05/2025"
"30/04/2025","Administration Fees","","","","","","0.000000","205.48","0","22135.26","0","0","Administration costs","02/05/2025"
"22/04/2025","Distribution","","","","Vanguard All-World Ex-US Shares Index ETF","VEU","0.000000","0","318.60","22340.74","0","0","Distributions (inc dividends)","23/04/2025"
"16/04/2025","Distribution","","","","Vanguard MSCI Index International Shares ETF","VGS","0.000000","0","4700.50","22022.14","0","0","Distributions (inc dividends)","17/04/2025"
"16/04/2025","Distribution","","","","Vanguard Australian Shares Index ETF","VAS","0.000000","0","2461.63","17321.64","0","0","Distributions (inc dividends)","17/04/2025"
"31/03/2025","Cash Account Interest","","","","Cash Account","","0.000000","0","43.99","14860.01","0","0","Cash account interest","03/04/2025"
"31/03/2025","Family Fee Rebate - Administration Fees","","","","","","0.000000","0","44.73","14816.02","0","0","Rebates & rewards","02/04/2025"
"31/03/2025","Fixed Term Advice Fee","","","","","","0.000000","741.45","0","14771.29","0","0","Advice fees","02/04/2025"
"31/03/2025","Administration Fees","","","","","","0.000000","212.33","0","15512.74","0","0","Administration costs","02/04/2025"
"28/02/2025","Cash Account Interest","","","","Cash Account","","0.000000","0","46.79","15725.07","0","0","Cash account interest","05/03/2025"
"28/02/2025","Family Fee Rebate - Administration Fees","","","","","","0.000000","0","41.73","15678.28","0","0","Rebates & rewards","05/03/2025"
"28/02/2025","Fixed Term Advice Fee","","","","","","0.000000","669.70","0","15636.55","0","0","Advice fees","04/03/2025"
"28/02/2025","Administration Fees","","","","","","0.000000","191.78","0","16306.25","0","0","Administration costs","03/03/2025"
"12/02/2025","Withdrawal","","Accounting Tax Fee","","","","0.000000","1090.00","0","16498.03","0","0","Withdrawals & payments (inc Transfer-outs)","13/02/2025"
"31/01/2025","Cash Account Interest","","","","Cash Account","","0.000000","0","44.39","17588.03","0","0","Cash account interest","05/02/2025"
"31/01/2025","Family Fee Rebate - Administration Fees","","","","","","0.000000","0","45.19","17543.64","0","0","Rebates & rewards","05/02/2025"
"31/01/2025","Fixed Term Advice Fee","","","","","","0.000000","741.45","0","17498.45","0","0","Advice fees","04/02/2025"
"31/01/2025","Administration Fees","","","","","","0.000000","212.33","0","18239.90","0","0","Administration costs","04/02/2025"
"22/01/2025","Distribution","","","","Vanguard All-World Ex-US Shares Index ETF","VEU","0.000000","0","1528.50","18452.23","0","0","Distributions (inc dividends)","23/01/2025"
"18/01/2025","Withdrawal","","Acct Fee Reimburse","","","","0.000000","1100.00","0","16923.73","0","0","Withdrawals & payments (inc Transfer-outs)","20/01/2025"
"17/01/2025","Distribution","","","","Vanguard MSCI Index International Shares ETF","VGS","0.000000","0","2291.53","18023.73","0","0","Distributions (inc dividends)","20/01/2025"
"17/01/2025","Distribution","","","","Vanguard Australian Shares Index ETF","VAS","0.000000","0","3316.00","15732.20","0","0","Distributions (inc dividends)","20/01/2025"
"17/01/2025","Distribution","","","","BetaShares Australian Sustainability Leaders ETF","FAIR","0.000000","0","3913.10","12416.20","0","0","Distributions (inc dividends)","20/01/2025"
"17/01/2025","Distribution","","","","BetaShares Global Sustainability Leaders ETF","ETHI","0.000000","0","1222.26","8503.10","0","0","Distributions (inc dividends)","20/01/2025"
"10/01/2025","Brokerage Fee","","","","Vanguard All-World Ex-US Shares Index ETF","VEU","0.000000","18.50","0","7280.84","0","0","Transaction costs (inc brokerage)","10/01/2025"
"10/01/2025","Asset Purchase","","","","Blackwattle Mid Cap Quality Fund","ETL1479AU","8211.528987","10000.00","0","7299.34","1.22","0","Asset Purchases","15/01/2025"
"10/01/2025","Asset Purchase","","","","Blackwattle Small Cap Quality Fund","ETL0788AU","8025.682183","10000.00","0","17299.34","1.25","0","Asset Purchases","15/01/2025"
"10/01/2025","Brokerage Fee","","","","BetaShares Global Sustainability Leaders ETF","ETHI","0.000000","18.50","0","27299.34","0","0","Transaction costs (inc brokerage)","10/01/2025"
"10/01/2025","Distribution","","","","Australian Ethical Australian Shares Fund - W/S","AUG0018AU","0.000000","0","1230.81","27317.84","0","0","Distributions (inc dividends)","14/01/2025"
"09/01/2025","Asset Purchase","","","","Fairlight Global Small & Mid Cap Unhedged - Cl A","PIM7802AU","4784.002296","10000.00","0","26087.03","2.09","0","Asset Purchases","14/01/2025"
"09/01/2025","Asset Purchase","","","","Impax Sustainable Leaders Fund","ETL8171AU","5272.037115","10000.00","0","36087.03","1.90","0","Asset Purchases","13/01/2025"
"08/01/2025","Asset Purchase","","","","Vanguard All-World Ex-US Shares Index ETF","VEU","53.000000","4929.53","0","46087.03","93.01","0","Asset Purchases","09/01/2025"
"08/01/2025","Asset Purchase","","","","BetaShares Global Sustainability Leaders ETF","ETHI","309.000000","4993.44","0","51016.56","16.16","0","Asset Purchases","09/01/2025"
"08/01/2025","Distribution","","","","Skerryvore Global Emerging Mkts All-Cap Eqty Fund","BFL3229AU","0.000000","0","925.13","56010.00","0","0","Distributions (inc dividends)","10/01/2025"
"07/01/2025","Investment","","","","","","0.000000","0","50000.00","55084.87","0","0","Contributions & deposits (inc Transfer-ins)","08/01/2025"
"31/12/2024","Cash Account Interest","","","","Cash Account","","0.000000","0","20.03","5084.87","0","0","Cash account interest","06/01/2025"
"31/12/2024","Family Fee Rebate - Administration Fees","","","","","","0.000000","0","44.72","5064.84","0","0","Rebates & rewards","06/01/2025"
"31/12/2024","Fixed Term Advice Fee","","","","","","0.000000","741.45","0","5020.12","0","0","Advice fees","03/01/2025"
"31/12/2024","Administration Fees","","","","","","0.000000","212.33","0","5761.57","0","0","Administration costs","03/01/2025"
"02/12/2024","Brokerage Fee","","","","Vanguard All-World Ex-US Shares Index ETF","VEU","0.000000","18.50","0","5973.90","0","0","Transaction costs (inc brokerage)","02/12/2024"
"02/12/2024","Brokerage Fee","","","","BetaShares Global Sustainability Leaders ETF","ETHI","0.000000","18.50","0","5992.40","0","0","Transaction costs (inc brokerage)","02/12/2024"
"30/11/2024","Cash Account Interest","","","","Cash Account","","0.000000","0","89.33","6010.90","0","0","Cash account interest","04/12/2024"
"30/11/2024","Family Fee Rebate - Administration Fees","","","","","","0.000000","0","41.58","5921.57","0","0","Rebates & rewards","04/12/2024"
"30/11/2024","Fixed Term Advice Fee","","","","","","0.000000","717.53","0","5879.99","0","0","Advice fees","03/12/2024"
"30/11/2024","Administration Fees","","","","","","0.000000","205.48","0","6597.52","0","0","Administration costs","03/12/2024"
"29/11/2024","Asset Purchase","","","","Blackwattle Mid Cap Quality Fund","ETL1479AU","11122.586796","14000.00","0","6803.00","1.26","0","Asset Purchases","04/12/2024"
"29/11/2024","Asset Purchase","","","","Blackwattle Small Cap Quality Fund","ETL0788AU","11004.559032","14000.00","0","20803.00","1.27","0","Asset Purchases","04/12/2024"
"28/11/2024","Asset Purchase","","","","Vanguard All-World Ex-US Shares Index ETF","VEU","76.000000","6958.56","0","34803.00","91.56","0","Asset Purchases","28/11/2024"
"28/11/2024","Asset Purchase","","","","Fairlight Global Small & Mid Cap Unhedged - Cl A","PIM7802AU","6641.996394","14000.00","0","41761.56","2.11","0","Asset Purchases","03/12/2024"
"28/11/2024","Asset Purchase","","","","Impax Sustainable Leaders Fund","ETL8171AU","7449.582291","14000.00","0","55761.56","1.88","0","Asset Purchases","02/12/2024"
"28/11/2024","Asset Purchase","","","","BetaShares Global Sustainability Leaders ETF","ETHI","438.000000","6990.48","0","69761.56","15.96","0","Asset Purchases","28/11/2024"
"26/11/2024","Investment","","","","","","0.000000","0","50000.00","76752.04","0","0","Contributions & deposits (inc Transfer-ins)","27/11/2024"
"31/10/2024","Cash Account Interest","","","","Cash Account","","0.000000","0","88.12","26752.04","0","0","Cash account interest","05/11/2024"
"31/10/2024","Family Fee Rebate - Administration Fees","","","","","","0.000000","0","42.54","26663.92","0","0","Rebates & rewards","07/11/2024"
"31/10/2024","Fixed Term Advice Fee","","","","","","0.000000","741.45","0","26621.38","0","0","Advice fees","04/11/2024"
"31/10/2024","Administration Fees","","","","","","0.000000","212.33","0","27362.83","0","0","Administration costs","04/11/2024"
"28/10/2024","Brokerage Fee","","","","Vanguard All-World Ex-US Shares Index ETF","VEU","0.000000","18.50","0","27575.16","0","0","Transaction costs (inc brokerage)","28/10/2024"
"28/10/2024","Asset Purchase","","","","Blackwattle Mid Cap Quality Fund","ETL1479AU","8225.037013","10000.00","0","27593.66","1.22","0","Asset Purchases","31/10/2024"
"28/10/2024","Asset Purchase","","","","Blackwattle Small Cap Quality Fund","ETL0788AU","7854.842510","10000.00","0","37593.66","1.27","0","Asset Purchases","31/10/2024"
"28/10/2024","Brokerage Fee","","","","BetaShares Global Sustainability Leaders ETF","ETHI","0.000000","18.50","0","47593.66","0","0","Transaction costs (inc brokerage)","28/10/2024"
"25/10/2024","Asset Purchase","","","","Fairlight Global Small & Mid Cap Unhedged - Cl A","PIM7802AU","4920.291281","10000.00","0","47612.16","2.03","0","Asset Purchases","30/10/2024"
"25/10/2024","Asset Purchase","","","","Impax Sustainable Leaders Fund","ETL8171AU","5471.656818","10000.00","0","57612.16","1.83","0","Asset Purchases","29/10/2024"
"24/10/2024","Asset Purchase","","","","Vanguard All-World Ex-US Shares Index ETF","VEU","54.000000","4961.79","0","67612.16","91.89","0","Asset Purchases","25/10/2024"
"24/10/2024","Asset Purchase","","","","BetaShares Global Sustainability Leaders ETF","ETHI","329.000000","4987.64","0","72573.95","15.16","0","Asset Purchases","25/10/2024"
"23/10/2024","Investment","","","","","","0.000000","0","50000.00","77561.59","0","0","Contributions & deposits (inc Transfer-ins)","24/10/2024"
"18/10/2024","Distribution","","","","Vanguard All-World Ex-US Shares Index ETF","VEU","0.000000","0","323.55","27561.59","0","0","Distributions (inc dividends)","21/10/2024"
"16/10/2024","Distribution","","","","Vanguard MSCI Index International Shares ETF","VGS","0.000000","0","917.75","27238.04","0","0","Distributions (inc dividends)","17/10/2024"
"16/10/2024","Distribution","","","","Vanguard Australian Shares Index ETF","VAS","0.000000","0","3504.94","26320.29","0","0","Distributions (inc dividends)","17/10/2024"
"30/09/2024","Cash Account Interest","","","","Cash Account","","0.000000","0","79.59","22815.35","0","0","Cash account interest","03/10/2024"
"30/09/2024","Family Fee Rebate - Administration Fees","","","","","","0.000000","0","40.73","22735.76","0","0","Rebates & rewards","03/10/2024"
"30/09/2024","Fixed Term Advice Fee","","","","","","0.000000","681.56","0","22695.03","0","0","Advice fees","02/10/2024"
"30/09/2024","Administration Fees","","","","","","0.000000","205.41","0","23376.59","0","0","Administration costs","02/10/2024"
"27/09/2024","Brokerage Fee","","","","Vanguard All-World Ex-US Shares Index ETF","VEU","0.000000","18.50","0","23582.00","0","0","Transaction costs (inc brokerage)","27/09/2024"
"27/09/2024","Brokerage Fee","","","","BetaShares Global Sustainability Leaders ETF","ETHI","0.000000","18.50","0","23600.50","0","0","Transaction costs (inc brokerage)","27/09/2024"
"26/09/2024","Asset Purchase","","","","Blackwattle Mid Cap Quality Fund","ETL1479AU","8481.044865","10000.00","0","23619.00","1.18","0","Asset Purchases","01/10/2024"
"26/09/2024","Asset Purchase","","","","Blackwattle Small Cap Quality Fund","ETL0788AU","7895.152376","10000.00","0","33619.00","1.27","0","Asset Purchases","01/10/2024"
"25/09/2024","Asset Purchase","","","","Vanguard All-World Ex-US Shares Index ETF","VEU","55.000000","4996.20","0","43619.00","90.84","0","Asset Purchases","25/09/2024"
"25/09/2024","Asset Purchase","","","","Fairlight Global Small & Mid Cap Unhedged - Cl A","PIM7802AU","4994.506043","10000.00","0","48615.20","2.00","0","Asset Purchases","30/09/2024"
"25/09/2024","Asset Purchase","","","","Impax Sustainable Leaders Fund","ETL8171AU","5534.646890","10000.00","0","58615.20","1.81","0","Asset Purchases","27/09/2024"
"25/09/2024","Asset Purchase","","","","BetaShares Global Sustainability Leaders ETF","ETHI","342.000000","4996.62","0","68615.20","14.61","0","Asset Purchases","25/09/2024"
"24/09/2024","Investment","","","","","","0.000000","0","50000.00","73611.82","0","0","Contributions & deposits (inc Transfer-ins)","25/09/2024"
"02/09/2024","Brokerage Fee","","","","Vanguard All-World Ex-US Shares Index ETF","VEU","0.000000","18.50","0","23611.82","0","0","Transaction costs (inc brokerage)","02/09/2024"
"02/09/2024","Asset Purchase","","","","Blackwattle Mid Cap Quality Fund","ETL1479AU","8627.383315","10000.00","0","23630.32","1.16","0","Asset Purchases","05/09/2024"
"02/09/2024","Asset Purchase","","","","Blackwattle Small Cap Quality Fund","ETL0788AU","8580.744809","10000.00","0","33630.32","1.17","0","Asset Purchases","05/09/2024"
"02/09/2024","Brokerage Fee","","","","BetaShares Global Sustainability Leaders ETF","ETHI","0.000000","18.50","0","43630.32","0","0","Transaction costs (inc brokerage)","02/09/2024"
"31/08/2024","Cash Account Interest","","","","Cash Account","","0.000000","0","84.47","43648.82","0","0","Cash account interest","04/09/2024"
"31/08/2024","Family Fee Rebate - Administration Fees","","","","","","0.000000","0","40.13","43564.35","0","0","Rebates & rewards","04/09/2024"
"31/08/2024","Fixed Term Advice Fee","","","","","","0.000000","704.28","0","43524.22","0","0","Advice fees","03/09/2024"
"31/08/2024","Administration Fees","","","","","","0.000000","210.86","0","44228.50","0","0","Administration costs","03/09/2024"
"30/08/2024","Asset Purchase","","","","Fairlight Global Small & Mid Cap Unhedged - Cl A","PIM7802AU","5044.390638","10000.00","0","44439.36","1.98","0","Asset Purchases","04/09/2024"
"30/08/2024","Asset Purchase","","","","Impax Sustainable Leaders Fund","ETL8171AU","5516.328332","10000.00","0","54439.36","1.81","0","Asset Purchases","03/09/2024"
"29/08/2024","Asset Purchase","","","","Vanguard All-World Ex-US Shares Index ETF","VEU","55.000000","4979.15","0","64439.36","90.53","0","Asset Purchases","30/08/2024"
"29/08/2024","Asset Purchase","","","","BetaShares Global Sustainability Leaders ETF","ETHI","340.000000","4987.80","0","69418.51","14.67","0","Asset Purchases","30/08/2024"
"28/08/2024","Investment","","","","","","0.000000","0","50000.00","74406.31","0","0","Contributions & deposits (inc Transfer-ins)","29/08/2024"
"31/07/2024","Cash Account Interest","","","","Cash Account","","0.000000","0","326.65","24406.31","0","0","Cash account interest","05/08/2024"
"31/07/2024","Family Fee Rebate - Administration Fees","","","","","","0.000000","0","38.98","24079.66","0","0","Rebates & rewards","05/08/2024"
"31/07/2024","Fixed Term Advice Fee","","","","","","0.000000","704.28","0","24040.68","0","0","Advice fees","02/08/2024"
"31/07/2024","Administration Fees","","","","","","0.000000","209.69","0","24744.96","0","0","Administration costs","02/08/2024"
"29/07/2024","Distribution","","","","Blackwattle Small Cap Quality Fund","ETL0788AU","0.000000","0","138.83","24954.65","0","0","Distributions (inc dividends)","31/07/2024"
"28/07/2024","Withdrawal","","Amelia Distribution","","","","0.000000","13087.00","0","24815.82","0","0","Withdrawals & payments (inc Transfer-outs)","29/07/2024"
"26/07/2024","Brokerage Fee","","","","Vanguard MSCI Index International Shares ETF","VGS","0.000000","23.62","0","37902.82","0","0","Transaction costs (inc brokerage)","26/07/2024"
"26/07/2024","Brokerage Fee","","","","Vanguard All-World Ex-US Shares Index ETF","VEU","0.000000","18.50","0","37926.44","0","0","Transaction costs (inc brokerage)","26/07/2024"
"26/07/2024","Distribution","","","","Blackwattle Mid Cap Quality Fund","ETL1479AU","0.000000","0","147.58","37944.94","0","0","Distributions (inc dividends)","29/07/2024"
"26/07/2024","Brokerage Fee","","","","BetaShares Global Sustainability Leaders ETF","ETHI","0.000000","29.91","0","37797.36","0","0","Transaction costs (inc brokerage)","26/07/2024"
"25/07/2024","Asset Purchase","","","","Blackwattle Mid Cap Quality Fund","ETL1479AU","8971.023594","10000.00","0","37827.27","1.11","0","Asset Purchases","30/07/2024"
"25/07/2024","Asset Purchase","","","","Blackwattle Small Cap Quality Fund","ETL0788AU","8783.487044","10000.00","0","47827.27","1.14","0","Asset Purchases","30/07/2024"
"24/07/2024","Asset Purchase","","","","Vanguard MSCI Index International Shares ETF","VGS","150.000000","18895.50","0","57827.27","125.97","0","Asset Purchases","24/07/2024"
"24/07/2024","Asset Purchase","","","","Vanguard All-World Ex-US Shares Index ETF","VEU","55.000000","4969.80","0","76722.77","90.36","0","Asset Purchases","24/07/2024"
"24/07/2024","Asset Purchase","","","","Fairlight Global Small & Mid Cap Unhedged - Cl A","PIM7802AU","5092.168245","10000.00","0","81692.57","1.96","0","Asset Purchases","29/07/2024"
"24/07/2024","Asset Purchase","","","","Impax Sustainable Leaders Fund","ETL8171AU","5563.901408","10000.00","0","91692.57","1.80","0","Asset Purchases","26/07/2024"
"24/07/2024","Asset Purchase","","","","BetaShares Global Sustainability Leaders ETF","ETHI","1620.000000","23927.40","0","101692.57","14.77","0","Asset Purchases","24/07/2024"
"23/07/2024","Investment","","","","","","0.000000","0","50000.00","125619.97","0","0","Contributions & deposits (inc Transfer-ins)","24/07/2024"
"16/07/2024","Distribution","","","","Vanguard MSCI Index International Shares ETF","VGS","0.000000","0","6646.34","75619.97","0","0","Distributions (inc dividends)","18/07/2024"
"16/07/2024","Distribution","","","","Vanguard Australian Shares Index ETF","VAS","0.000000","0","2274.43","68973.63","0","0","Distributions (inc dividends)","18/07/2024"
"16/07/2024","Distribution","","","","Fairlight Global Small & Mid Cap Unhedged - Cl A","PIM7802AU","0.000000","0","116.28","66699.20","0","0","Distributions (inc dividends)","19/07/2024"
"16/07/2024","Distribution","","","","Fidelity Asia Fund","FID0010AU","0.000000","0","1895.05","66582.92","0","0","Distributions (inc dividends)","18/07/2024"
"16/07/2024","Distribution","","","","BetaShares Australian Sustainability Leaders ETF","FAIR","0.000000","0","4161.14","64687.87","0","0","Distributions (inc dividends)","17/07/2024"
"16/07/2024","Distribution","","","","BetaShares Global Sustainability Leaders ETF","ETHI","0.000000","0","8635.47","60526.73","0","0","Distributions (inc dividends)","17/07/2024"
"12/07/2024","Distribution","","","","Skerryvore Global Emerging Mkts All-Cap Eqty Fund","BFL3229AU","0.000000","0","2141.54","51891.26","0","0","Distributions (inc dividends)","16/07/2024"
"12/07/2024","Distribution","","","","Australian Ethical Australian Shares Fund - W/S","AUG0018AU","0.000000","0","3110.44","49749.72","0","0","Distributions (inc dividends)","16/07/2024"
"10/07/2024","Asset Purchase","","","","Fairlight Global Small & Mid Cap Unhedged - Cl A","PIM7802AU","55215.219801","104627.32","0","46639.28","1.89","0","Asset Purchases","22/07/2024"
"09/07/2024","Asset Purchase","","","","Skerryvore Global Emerging Mkts All-Cap Eqty Fund","BFL3229AU","36754.571350","40000.00","0","151266.60","1.09","0","Asset Purchases","11/07/2024"
"05/07/2024","Asset Purchase","","","","Fidelity Asia Fund","FID0010AU","1031.778787","25000.00","0","191266.60","24.23","0","Asset Purchases","09/07/2024"
"04/07/2024","Asset Purchase","","","","Impax Sustainable Leaders Fund","ETL8171AU","41563.951155","72500.00","0","216266.60","1.74","0","Asset Purchases","15/07/2024"
"01/07/2024","Brokerage Fee","","","","Vanguard MSCI Index International Shares ETF","VGS","0.000000","99.99","0","288766.60","0","0","Transaction costs (inc brokerage)","01/07/2024"
"01/07/2024","Brokerage Fee","","","","Vanguard All-World Ex-US Shares Index ETF","VEU","0.000000","127.38","0","288866.59","0","0","Transaction costs (inc brokerage)","01/07/2024"
"01/07/2024","Brokerage Fee","","","","Vanguard Australian Shares Index ETF","VAS","0.000000","24.59","0","288993.97","0","0","Transaction costs (inc brokerage)","01/07/2024"
"01/07/2024","Brokerage Fee","","","","BetaShares Australian Sustainability Leaders ETF","FAIR","0.000000","34.00","0","289018.56","0","0","Transaction costs (inc brokerage)","01/07/2024"
"01/07/2024","Brokerage Fee","","","","BetaShares Global Sustainability Leaders ETF","ETHI","0.000000","99.79","0","289052.56","0","0","Transaction costs (inc brokerage)","01/07/2024"
"30/06/2024","Cash Account Interest","","","","Cash Account","","0.000000","0","689.63","289152.35","0","0","Cash account interest","03/07/2024"
"30/06/2024","Family Fee Rebate - Administration Fees","","","","","","0.000000","0","44.56","288462.72","0","0","Rebates & rewards","02/07/2024"
"30/06/2024","Fixed Term Advice Fee","","","","","","0.000000","681.56","0","288418.16","0","0","Advice fees","02/07/2024"
"30/06/2024","Administration Fees","","","","","","0.000000","200.28","0","289099.72","0","0","Administration costs","02/07/2024"
"28/06/2024","Asset Sale","","","","ATLAS Infrastructure Glbl Fund - AUD Hdgd Class","PIM9253AU","-67975.990555","0","94275.90","289300.00","0","1.39","Asset Sales","10/07/2024"
"28/06/2024","Asset Sale","","","","Lazard Global Small Cap Equity Adv Fund - Class W","LAZ0012AU","-41128.776316","0","98314.22","195024.10","0","2.39","Asset Sales","04/07/2024"
"28/06/2024","Asset Purchase","","","","Blackwattle Mid Cap Quality Fund","ETL1479AU","4393.287057","5000.00","0","96709.88","1.14","0","Asset Purchases","01/07/2024"
"28/06/2024","Asset Purchase","","","","Blackwattle Small Cap Quality Fund","ETL0788AU","4319.654428","5000.00","0","101709.88","1.16","0","Asset Purchases","01/07/2024"
"28/06/2024","Asset Sale","","","","Australian Ethical Australian Shares Fund - W/S","AUG0018AU","-28639.959904","0","80000.00","106709.88","0","2.79","Asset Sales","09/07/2024"
"27/06/2024","Asset Purchase","","","","Vanguard MSCI Index International Shares ETF","VGS","638.000000","79992.44","0","26709.88","125.38","0","Asset Purchases","27/06/2024"
"27/06/2024","Asset Purchase","","","","Vanguard All-World Ex-US Shares Index ETF","VEU","1158.000000","101905.84","0","106702.32","88.00","0","Asset Purchases","27/06/2024"
"27/06/2024","Asset Purchase","","","","Vanguard Australian Shares Index ETF","VAS","206.000000","19668.88","0","208608.16","95.48","0","Asset Purchases","27/06/2024"
"27/06/2024","Asset Purchase","","","","BetaShares Australian Sustainability Leaders ETF","FAIR","1425.000000","27203.25","0","228277.04","19.09","0","Asset Purchases","27/06/2024"
"27/06/2024","Asset Purchase","","","","BetaShares Global Sustainability Leaders ETF","ETHI","5365.000000","79831.20","0","255480.29","14.88","0","Asset Purchases","27/06/2024"
"18/06/2024","Investment","","","","","","0.000000","0","22458.64","335311.49","0","0","Contributions & deposits (inc Transfer-ins)","19/06/2024"
"11/06/2024","Investment","","","","","","0.000000","0","300000.00","312852.85","0","0","Contributions & deposits (inc Transfer-ins)","12/06/2024"
"04/06/2024","Withdrawal","","Sale proceeds","","","","0.000000","10000.00","0","12852.85","0","0","Withdrawals & payments (inc Transfer-outs)","04/06/2024"
"03/06/2024","Withdrawal","","Sale Proceeds","","","","0.000000","115000.00","0","22852.85","0","0","Withdrawals & payments (inc Transfer-outs)","03/06/2024"
"31/05/2024","Cash Account Interest","","","","Cash Account","","0.000000","0","104.30","137852.85","0","0","Cash account interest","05/06/2024"
"31/05/2024","Family Fee Rebate - Administration Fees","","","","","","0.000000","0","51.26","137748.55","0","0","Rebates & rewards","04/06/2024"
"31/05/2024","Fixed Term Advice Fee","","","","","","0.000000","656.26","0","137697.29","0","0","Advice fees","03/06/2024"
"31/05/2024","Administration Fees","","","","","","0.000000","204.80","0","138353.55","0","0","Administration costs","03/06/2024"
"28/05/2024","Brokerage Fee","","","","Vanguard MSCI Index International Shares ETF","VGS","0.000000","55.62","0","138558.35","0","0","Transaction costs (inc brokerage)","28/05/2024"
"28/05/2024","Brokerage Fee","","","","BetaShares Australian Sustainability Leaders ETF","FAIR","0.000000","18.50","0","138613.97","0","0","Transaction costs (inc brokerage)","28/05/2024"
"28/05/2024","Brokerage Fee","","","","BetaShares Global Sustainability Leaders ETF","ETHI","0.000000","62.52","0","138632.47","0","0","Transaction costs (inc brokerage)","28/05/2024"
"27/05/2024","Asset Sale","","","","Fairlight Global Small & Mid Cap Unhedged - Cl A","PIM7802AU","-7800.000000","0","15095.34","138694.99","0","1.94","Asset Sales","04/06/2024"
"24/05/2024","Asset Sale","","","","Vanguard MSCI Index International Shares ETF","VGS","-360.000000","0","44499.60","123599.65","0","123.61","Asset Sales","27/05/2024"
"24/05/2024","Asset Sale","","","","BetaShares Australian Sustainability Leaders ETF","FAIR","-600.000000","0","11544.00","79100.05","0","19.24","Asset Sales","27/05/2024"
"24/05/2024","Asset Sale","","","","BetaShares Global Sustainability Leaders ETF","ETHI","-3400.000000","0","50014.00","67556.05","0","14.71","Asset Sales","27/05/2024"
"30/04/2024","Cash Account Interest","","","","Cash Account","","0.000000","0","46.61","17542.05","0","0","Cash account interest","03/05/2024"
"30/04/2024","Family Fee Rebate - Administration Fees","","","","","","0.000000","0","49.39","17495.44","0","0","Rebates & rewards","03/05/2024"
"30/04/2024","Fixed Term Advice Fee","","","","","","0.000000","635.09","0","17446.05","0","0","Advice fees","02/05/2024"
"30/04/2024","Administration Fees","","","","","","0.000000","197.94","0","18081.14","0","0","Administration costs","02/05/2024"
"17/04/2024","Distribution","","","","Vanguard MSCI Index International Shares ETF","VGS","0.000000","0","2777.06","18279.08","0","0","Distributions (inc dividends)","18/04/2024"
"17/04/2024","Distribution","","","","Vanguard Australian Shares Index ETF","VAS","0.000000","0","2694.69","15502.02","0","0","Distributions (inc dividends)","18/04/2024"
"11/04/2024","Withdrawal","","Fund PP Accounting Fees","","","","0.000000","592.00","0","12807.33","0","0","Withdrawals & payments (inc Transfer-outs)","11/04/2024"
"31/03/2024","Cash Account Interest","","","","Cash Account","","0.000000","0","43.91","13399.33","0","0","Cash account interest","04/04/2024"
"31/03/2024","Family Fee Rebate - Administration Fees","","","","","","0.000000","0","51.28","13355.42","0","0","Rebates & rewards","04/04/2024"
"31/03/2024","Fixed Term Advice Fee","","","","","","0.000000","656.26","0","13304.14","0","0","Advice fees","03/04/2024"
"31/03/2024","Administration Fees","","","","","","0.000000","205.19","0","13960.40","0","0","Administration costs","03/04/2024"
"29/02/2024","Cash Account Interest","","","","Cash Account","","0.000000","0","76.56","14165.59","0","0","Cash account interest","05/03/2024"
"29/02/2024","Family Fee Rebate - Administration Fees","","","","","","0.000000","0","47.43","14089.03","0","0","Rebates & rewards","06/03/2024"
"29/02/2024","Fixed Term Advice Fee","","","","","","0.000000","613.92","0","14041.60","0","0","Advice fees","05/03/2024"
"29/02/2024","Administration Fees","","","","","","0.000000","189.27","0","14655.52","0","0","Administration costs","04/03/2024"
"19/02/2024","Brokerage Fee","","","","Vanguard MSCI Index International Shares ETF","VGS","0.000000","26.18","0","14844.79","0","0","Transaction costs (inc brokerage)","19/02/2024"
"19/02/2024","Brokerage Fee","","","","Vanguard Australian Shares Index ETF","VAS","0.000000","26.17","0","14870.97","0","0","Transaction costs (inc brokerage)","19/02/2024"
"19/02/2024","Brokerage Fee","","","","BetaShares Australian Sustainability Leaders ETF","FAIR","0.000000","26.23","0","14897.14","0","0","Transaction costs (inc brokerage)","19/02/2024"
"19/02/2024","Brokerage Fee","","","","BetaShares Global Sustainability Leaders ETF","ETHI","0.000000","26.28","0","14923.37","0","0","Transaction costs (inc brokerage)","19/02/2024"
"16/02/2024","Asset Purchase","","","","ATLAS Infrastructure Glbl Fund - AUD Hdgd Class","PIM9253AU","5041.774705","7000.00","0","14949.65","1.39","0","Asset Purchases","20/02/2024"
"16/02/2024","Asset Purchase","","","","Fairlight Global Small & Mid Cap Unhedged - Cl A","PIM7802AU","3596.937465","7000.00","0","21949.65","1.95","0","Asset Purchases","21/02/2024"
"16/02/2024","Asset Purchase","","","","Lazard Global Small Cap Equity Adv Fund - Class W","LAZ0012AU","2894.595377","7000.00","0","28949.65","2.42","0","Asset Purchases","20/02/2024"
"16/02/2024","Asset Purchase","","","","Pengana WHEB Sustainable Impact Fund","HHA0007AU","4438.807863","7000.00","0","35949.65","1.58","0","Asset Purchases","20/02/2024"
"16/02/2024","Asset Purchase","","","","Skerryvore Global Emerging Mkts All-Cap Eqty Fund","BFL3229AU","12731.902510","14000.00","0","42949.65","1.10","0","Asset Purchases","20/02/2024"
"16/02/2024","Asset Purchase","","","","Australian Ethical Australian Shares Fund - W/S","AUG0018AU","5264.147396","14000.00","0","56949.65","2.66","0","Asset Purchases","20/02/2024"
"16/02/2024","Fund Manager Fee Rebate - Fidelity Asia Fund - FID0010AU","","Rebate for FID0010AU","","","","0.000000","0","51.73","70949.65","0","0","Rebates & rewards","16/02/2024"
"15/02/2024","Asset Purchase","","","","Vanguard MSCI Index International Shares ETF","VGS","175.000000","20944.00","0","70897.92","119.68","0","Asset Purchases","16/02/2024"
"15/02/2024","Asset Purchase","","","","Vanguard Australian Shares Index ETF","VAS","223.000000","20937.07","0","91841.92","93.89","0","Asset Purchases","16/02/2024"
"15/02/2024","Asset Purchase","","","","BetaShares Australian Sustainability Leaders ETF","FAIR","1097.000000","20985.61","0","112778.99","19.13","0","Asset Purchases","16/02/2024"
"15/02/2024","Asset Purchase","","","","BetaShares Global Sustainability Leaders ETF","ETHI","1448.000000","21024.96","0","133764.60","14.52","0","Asset Purchases","16/02/2024"
"15/02/2024","Savings Plan","","","","","","0.000000","0","140000.00","154789.56","0","0","Contributions & deposits (inc Transfer-ins)","15/02/2024"
"31/01/2024","Cash Account Interest","","","","Cash Account","","0.000000","0","51.33","14789.56","0","0","Cash account interest","05/02/2024"
"31/01/2024","Family Fee Rebate - Administration Fees","","","","","","0.000000","0","48.95","14738.23","0","0","Rebates & rewards","05/02/2024"
"31/01/2024","Fixed Term Advice Fee","","","","","","0.000000","656.26","0","14689.28","0","0","Advice fees","02/02/2024"
"31/01/2024","Administration Fees","","","","","","0.000000","197.77","0","15345.54","0","0","Administration costs","02/02/2024"
"17/01/2024","Distribution","","","","Vanguard MSCI Index International Shares ETF","VGS","0.000000","0","1331.05","15543.31","0","0","Distributions (inc dividends)","18/01/2024"
"17/01/2024","Brokerage Fee","","","","Vanguard MSCI Index International Shares ETF","VGS","0.000000","26.22","0","14212.26","0","0","Transaction costs (inc brokerage)","17/01/2024"
"17/01/2024","Distribution","","","","Vanguard Australian Shares Index ETF","VAS","0.000000","0","1954.39","14238.48","0","0","Distributions (inc dividends)","18/01/2024"
"17/01/2024","Brokerage Fee","","","","Vanguard Australian Shares Index ETF","VAS","0.000000","26.16","0","12284.09","0","0","Transaction costs (inc brokerage)","17/01/2024"
"17/01/2024","Distribution","","","","BetaShares Australian Sustainability Leaders ETF","FAIR","0.000000","0","2957.89","12310.25","0","0","Distributions (inc dividends)","18/01/2024"
"17/01/2024","Brokerage Fee","","","","BetaShares Australian Sustainability Leaders ETF","FAIR","0.000000","26.26","0","9352.36","0","0","Transaction costs (inc brokerage)","17/01/2024"
"17/01/2024","Distribution","","","","BetaShares Global Sustainability Leaders ETF","ETHI","0.000000","0","810.80","9378.62","0","0","Distributions (inc dividends)","18/01/2024"
"17/01/2024","Brokerage Fee","","","","BetaShares Global Sustainability Leaders ETF","ETHI","0.000000","26.28","0","8567.82","0","0","Transaction costs (inc brokerage)","17/01/2024"
"16/01/2024","Asset Purchase","","","","ATLAS Infrastructure Glbl Fund - AUD Hdgd Class","PIM9253AU","4895.789621","7000.00","0","8594.10","1.43","0","Asset Purchases","18/01/2024"
"16/01/2024","Asset Purchase","","","","Fairlight Global Small & Mid Cap Unhedged - Cl A","PIM7802AU","3734.329154","7000.00","0","15594.10","1.87","0","Asset Purchases","19/01/2024"
"16/01/2024","Asset Purchase","","","","Lazard Global Small Cap Equity Adv Fund - Class W","LAZ0012AU","3012.696363","7000.00","0","22594.10","2.32","0","Asset Purchases","18/01/2024"
"16/01/2024","Asset Purchase","","","","Pengana WHEB Sustainable Impact Fund","HHA0007AU","4774.897681","7000.00","0","29594.10","1.47","0","Asset Purchases","18/01/2024"
"16/01/2024","Asset Purchase","","","","Skerryvore Global Emerging Mkts All-Cap Eqty Fund","BFL3229AU","13140.604468","14000.00","0","36594.10","1.07","0","Asset Purchases","18/01/2024"
"16/01/2024","Asset Purchase","","","","Australian Ethical Australian Shares Fund - W/S","AUG0018AU","5469.390944","14000.00","0","50594.10","2.56","0","Asset Purchases","18/01/2024"
"15/01/2024","Asset Purchase","","","","Vanguard MSCI Index International Shares ETF","VGS","187.000000","20977.66","0","64594.10","112.18","0","Asset Purchases","16/01/2024"
"15/01/2024","Asset Purchase","","","","Vanguard Australian Shares Index ETF","VAS","226.000000","20925.34","0","85571.76","92.59","0","Asset Purchases","16/01/2024"
"15/01/2024","Asset Purchase","","","","BetaShares Australian Sustainability Leaders ETF","FAIR","1146.000000","21007.24","0","106497.10","18.33","0","Asset Purchases","16/01/2024"
"15/01/2024","Asset Purchase","","","","BetaShares Global Sustainability Leaders ETF","ETHI","1582.000000","21024.78","0","127504.34","13.29","0","Asset Purchases","16/01/2024"
"15/01/2024","Savings Plan","","","","","","0.000000","0","140000.00","148529.12","0","0","Contributions & deposits (inc Transfer-ins)","15/01/2024"
"12/01/2024","Distribution","","","","ATLAS Infrastructure Glbl Fund - AUD Hdgd Class","PIM9253AU","0.000000","0","91.97","8529.12","0","0","Distributions (inc dividends)","16/01/2024"
"12/01/2024","Distribution","","","","Australian Ethical Australian Shares Fund - W/S","AUG0018AU","0.000000","0","1740.25","8437.15","0","0","Distributions (inc dividends)","22/01/2024"
"09/01/2024","Distribution","","","","Skerryvore Global Emerging Mkts All-Cap Eqty Fund","BFL3229AU","0.000000","0","418.62","6696.90","0","0","Distributions (inc dividends)","11/01/2024"
"31/12/2023","Cash Account Interest","","","","Cash Account","","0.000000","0","94.44","6278.28","0","0","Cash account interest","04/01/2024"
"31/12/2023","Family Fee Rebate - Administration Fees","","","","","","0.000000","0","48.10","6183.84","0","0","Rebates & rewards","03/01/2024"
"31/12/2023","Fixed Term Advice Fee","","","","","","0.000000","656.26","0","6135.74","0","0","Advice fees","03/01/2024"
"31/12/2023","Administration Fees","","","","","","0.000000","194.14","0","6792.00","0","0","Administration costs","03/01/2024"
"21/12/2023","Brokerage Fee","","","","Vanguard MSCI Index International Shares ETF","VGS","0.000000","26.24","0","6986.14","0","0","Transaction costs (inc brokerage)","21/12/2023"
"21/12/2023","Brokerage Fee","","","","Vanguard Australian Shares Index ETF","VAS","0.000000","26.17","0","7012.38","0","0","Transaction costs (inc brokerage)","21/12/2023"
"21/12/2023","Brokerage Fee","","","","BetaShares Australian Sustainability Leaders ETF","FAIR","0.000000","26.25","0","7038.55","0","0","Transaction costs (inc brokerage)","21/12/2023"
"21/12/2023","Brokerage Fee","","","","BetaShares Global Sustainability Leaders ETF","ETHI","0.000000","26.25","0","7064.80","0","0","Transaction costs (inc brokerage)","21/12/2023"
"20/12/2023","Asset Purchase","","","","ATLAS Infrastructure Glbl Fund - AUD Hdgd Class","PIM9253AU","4933.051445","7000.00","0","7091.05","1.42","0","Asset Purchases","22/12/2023"
"20/12/2023","Asset Purchase","","","","Fairlight Global Small & Mid Cap Unhedged - Cl A","PIM7802AU","3800.629819","7000.00","0","14091.05","1.84","0","Asset Purchases","29/12/2023"
"20/12/2023","Asset Purchase","","","","Lazard Global Small Cap Equity Adv Fund - Class W","LAZ0012AU","3043.213634","7000.00","0","21091.05","2.30","0","Asset Purchases","22/12/2023"
"20/12/2023","Asset Purchase","","","","Pengana WHEB Sustainable Impact Fund","HHA0007AU","4800.109717","7000.00","0","28091.05","1.46","0","Asset Purchases","22/12/2023"
"20/12/2023","Asset Purchase","","","","Skerryvore Global Emerging Mkts All-Cap Eqty Fund","BFL3229AU","13266.369753","14000.00","0","35091.05","1.06","0","Asset Purchases","22/12/2023"
"20/12/2023","Asset Purchase","","","","Australian Ethical Australian Shares Fund - W/S","AUG0018AU","5418.585749","14000.00","0","49091.05","2.58","0","Asset Purchases","22/12/2023"
"19/12/2023","Asset Purchase","","","","Vanguard MSCI Index International Shares ETF","VGS","189.000000","20994.10","0","63091.05","111.08","0","Asset Purchases","20/12/2023"
"19/12/2023","Asset Purchase","","","","Vanguard Australian Shares Index ETF","VAS","225.000000","20938.50","0","84085.15","93.06","0","Asset Purchases","20/12/2023"
"19/12/2023","Asset Purchase","","","","BetaShares Australian Sustainability Leaders ETF","FAIR","1142.000000","21001.38","0","105023.65","18.39","0","Asset Purchases","20/12/2023"
"19/12/2023","Asset Purchase","","","","BetaShares Global Sustainability Leaders ETF","ETHI","1607.000000","21003.49","0","126025.03","13.07","0","Asset Purchases","20/12/2023"
"15/12/2023","Savings Plan","","","","","","0.000000","0","140000.00","147028.52","0","0","Contributions & deposits (inc Transfer-ins)","15/12/2023"
"13/12/2023","Fund Manager Fee Rebate - Fidelity Asia Fund - FID0010AU","","Rebate for FID0010AU","","","","0.000000","0","53.55","7028.52","0","0","Rebates & rewards","14/12/2023"
"30/11/2023","Cash Account Interest","","","","Cash Account","","0.000000","0","83.43","6974.97","0","0","Cash account interest","05/12/2023"
"30/11/2023","Family Fee Rebate - Administration Fees","","","","","","0.000000","0","45.31","6891.54","0","0","Rebates & rewards","05/12/2023"
"30/11/2023","Fixed Term Advice Fee","","","","","","0.000000","635.09","0","6846.23","0","0","Advice fees","04/12/2023"
"30/11/2023","Administration Fees","","","","","","0.000000","183.83","0","7481.32","0","0","Administration costs","04/12/2023"
"21/11/2023","Brokerage Fee","","","","Vanguard MSCI Index International Shares ETF","VGS","0.000000","26.12","0","7665.15","0","0","Transaction costs (inc brokerage)","21/11/2023"
"21/11/2023","Brokerage Fee","","","","Vanguard Australian Shares Index ETF","VAS","0.000000","26.18","0","7691.27","0","0","Transaction costs (inc brokerage)","21/11/2023"
"21/11/2023","Brokerage Fee","","","","BetaShares Australian Sustainability Leaders ETF","FAIR","0.000000","26.27","0","7717.45","0","0","Transaction costs (inc brokerage)","21/11/2023"
"21/11/2023","Brokerage Fee","","","","BetaShares Global Sustainability Leaders ETF","ETHI","0.000000","26.27","0","7743.72","0","0","Transaction costs (inc brokerage)","21/11/2023"
"20/11/2023","Asset Purchase","","","","ATLAS Infrastructure Glbl Fund - AUD Hdgd Class","PIM9253AU","5159.578389","7000.00","0","7769.99","1.36","0","Asset Purchases","23/11/2023"
"20/11/2023","Asset Purchase","","","","Fairlight Global Small & Mid Cap Unhedged - Cl A","PIM7802AU","3914.550945","7000.00","0","14769.99","1.79","0","Asset Purchases","23/11/2023"
"20/11/2023","Asset Purchase","","","","Lazard Global Small Cap Equity Adv Fund - Class W","LAZ0012AU","3098.853424","7000.00","0","21769.99","2.26","0","Asset Purchases","22/11/2023"
"20/11/2023","Asset Purchase","","","","Pengana WHEB Sustainable Impact Fund","HHA0007AU","5027.652086","7000.00","0","28769.99","1.39","0","Asset Purchases","22/11/2023"
"20/11/2023","Asset Purchase","","","","Skerryvore Global Emerging Mkts All-Cap Eqty Fund","BFL3229AU","13346.043851","14000.00","0","35769.99","1.05","0","Asset Purchases","22/11/2023"
"20/11/2023","Asset Purchase","","","","Australian Ethical Australian Shares Fund - W/S","AUG0018AU","5746.418750","14000.00","0","49769.99","2.44","0","Asset Purchases","22/11/2023"
"17/11/2023","Asset Purchase","","","","Vanguard MSCI Index International Shares ETF","VGS","191.000000","20895.84","0","63769.99","109.40","0","Asset Purchases","20/11/2023"
"17/11/2023","Asset Purchase","","","","Vanguard Australian Shares Index ETF","VAS","239.000000","20941.18","0","84665.83","87.62","0","Asset Purchases","20/11/2023"
"17/11/2023","Asset Purchase","","","","BetaShares Australian Sustainability Leaders ETF","FAIR","1216.000000","21012.48","0","105607.01","17.28","0","Asset Purchases","20/11/2023"
"17/11/2023","Asset Purchase","","","","BetaShares Global Sustainability Leaders ETF","ETHI","1648.000000","21012.00","0","126619.49","12.75","0","Asset Purchases","20/11/2023"
"15/11/2023","Savings Plan","","","","","","0.000000","0","140000.00","147631.49","0","0","Contributions & deposits (inc Transfer-ins)","15/11/2023"
"31/10/2023","Cash Account Interest","","","","Cash Account","","0.000000","0","171.42","7631.49","0","0","Cash account interest","06/11/2023"
"31/10/2023","Family Fee Rebate - Administration Fees","","","","","","0.000000","0","41.84","7460.07","0","0","Rebates & rewards","03/11/2023"
"31/10/2023","Fixed Term Advice Fee","","","","","","0.000000","656.26","0","7418.23","0","0","Advice fees","02/11/2023"
"31/10/2023","Administration Fees","","","","","","0.000000","184.03","0","8074.49","0","0","Administration costs","02/11/2023"
"25/10/2023","Brokerage Fee","","","","Vanguard MSCI Index International Shares ETF","VGS","0.000000","58.99","0","8258.52","0","0","Transaction costs (inc brokerage)","25/10/2023"
"25/10/2023","Brokerage Fee","","","","Vanguard Australian Shares Index ETF","VAS","0.000000","59.10","0","8317.51","0","0","Transaction costs (inc brokerage)","25/10/2023"
"25/10/2023","Brokerage Fee","","","","BetaShares Australian Sustainability Leaders ETF","FAIR","0.000000","59.15","0","8376.61","0","0","Transaction costs (inc brokerage)","25/10/2023"
"25/10/2023","Brokerage Fee","","","","BetaShares Global Sustainability Leaders ETF","ETHI","0.000000","59.06","0","8435.76","0","0","Transaction costs (inc brokerage)","25/10/2023"
"24/10/2023","Asset Purchase","","","","ATLAS Infrastructure Glbl Fund - AUD Hdgd Class","PIM9253AU","12110.726644","15750.00","0","8494.82","1.30","0","Asset Purchases","26/10/2023"
"24/10/2023","Asset Purchase","","","","Fairlight Global Small & Mid Cap Unhedged - Cl A","PIM7802AU","9724.022967","15750.00","0","24244.82","1.62","0","Asset Purchases","27/10/2023"
"24/10/2023","Asset Purchase","","","","Lazard Global Small Cap Equity Adv Fund - Class W","LAZ0012AU","7199.670872","15750.00","0","39994.82","2.19","0","Asset Purchases","26/10/2023"
"24/10/2023","Asset Purchase","","","","Pengana WHEB Sustainable Impact Fund","HHA0007AU","11880.515954","15750.00","0","55744.82","1.33","0","Asset Purchases","26/10/2023"
"24/10/2023","Asset Purchase","","","","Skerryvore Global Emerging Mkts All-Cap Eqty Fund","BFL3229AU","30967.361384","31500.00","0","71494.82","1.02","0","Asset Purchases","26/10/2023"
"24/10/2023","Asset Purchase","","","","Australian Ethical Australian Shares Fund - W/S","AUG0018AU","13024.602026","31500.00","0","102994.82","2.42","0","Asset Purchases","26/10/2023"
"23/10/2023","Asset Purchase","","","","Vanguard MSCI Index International Shares ETF","VGS","449.000000","47189.90","0","134494.82","105.1","0","Asset Purchases","24/10/2023"
"23/10/2023","Asset Purchase","","","","Vanguard Australian Shares Index ETF","VAS","559.000000","47277.16","0","181684.72","84.57","0","Asset Purchases","24/10/2023"
"23/10/2023","Asset Purchase","","","","BetaShares Australian Sustainability Leaders ETF","FAIR","2800.000000","47319.77","0","228961.88","16.90","0","Asset Purchases","24/10/2023"
"23/10/2023","Asset Purchase","","","","BetaShares Global Sustainability Leaders ETF","ETHI","3879.000000","47246.22","0","276281.65","12.18","0","Asset Purchases","24/10/2023"
"20/10/2023","Investment","","","","","","0.000000","0","300000.00","323527.87","0","0","Contributions & deposits (inc Transfer-ins)","23/10/2023"
"17/10/2023","Distribution","","","","Vanguard MSCI Index International Shares ETF","VGS","0.000000","0","1060.28","23527.87","0","0","Distributions (inc dividends)","18/10/2023"
"17/10/2023","Distribution","","","","Vanguard Australian Shares Index ETF","VAS","0.000000","0","2197.57","22467.59","0","0","Distributions (inc dividends)","18/10/2023"
"30/09/2023","Cash Account Interest","","","","Cash Account","","0.000000","0","59.28","20270.02","0","0","Cash account interest","03/10/2023"
"30/09/2023","Family Fee Rebate - Administration Fees","","","","","","0.000000","0","39.25","20210.74","0","0","Rebates & rewards","04/10/2023"
"30/09/2023","Fixed Term Advice Fee","","","","","","0.000000","606.58","0","20171.49","0","0","Advice fees","02/10/2023"
"30/09/2023","Administration Fees","","","","","","0.000000","186.84","0","20778.07","0","0","Administration costs","02/10/2023"
"31/08/2023","Cash Account Interest","","","","Cash Account","","0.000000","0","62.69","20964.91","0","0","Cash account interest","05/09/2023"
"31/08/2023","Family Fee Rebate - Administration Fees","","","","","","0.000000","0","40.51","20902.22","0","0","Rebates & rewards","05/09/2023"
"31/08/2023","Fixed Term Advice Fee","","","","","","0.000000","626.79","0","20861.71","0","0","Advice fees","04/09/2023"
"31/08/2023","Administration Fees","","","","","","0.000000","193.28","0","21488.50","0","0","Administration costs","04/09/2023"
"03/08/2023","Fund Manager Fee Rebate - Fidelity Asia Fund - FID0010AU","","Rebate for FID0010AU","","","","0.000000","0","52.20","21681.78","0","0","Rebates & rewards","03/08/2023"
"31/07/2023","Cash Account Interest","","","","Cash Account","","0.000000","0","36.36","21629.58","0","0","Cash account interest","03/08/2023"
"31/07/2023","Family Fee Rebate - Administration Fees","","","","","","0.000000","0","40.03","21593.22","0","0","Rebates & rewards","03/08/2023"
"31/07/2023","Fixed Term Advice Fee","","","","","","0.000000","626.79","0","21553.19","0","0","Advice fees","02/08/2023"
"31/07/2023","Administration Fees","","","","","","0.000000","192.82","0","22179.98","0","0","Administration costs","02/08/2023"
"19/07/2023","Distribution","","","","ATLAS Infrastructure Glbl Fund - AUD Hdgd Class","PIM9253AU","0.000000","0","1479.42","22372.80","0","0","Distributions (inc dividends)","21/07/2023"
"19/07/2023","Distribution","","","","Pengana WHEB Sustainable Impact Fund","HHA0007AU","0.000000","0","11.17","20893.38","0","0","Distributions (inc dividends)","21/07/2023"
"18/07/2023","Distribution","","","","Vanguard MSCI Index International Shares ETF","VGS","0.000000","0","1761.94","20882.21","0","0","Distributions (inc dividends)","19/07/2023"
"18/07/2023","Distribution","","","","Vanguard Australian Shares Index ETF","VAS","0.000000","0","1516.71","19120.27","0","0","Distributions (inc dividends)","19/07/2023"
"18/07/2023","Distribution","","","","Fidelity Asia Fund","FID0010AU","0.000000","0","1605.08","17603.56","0","0","Distributions (inc dividends)","20/07/2023"
"18/07/2023","Distribution","","","","BetaShares Australian Sustainability Leaders ETF","FAIR","0.000000","0","1774.83","15998.48","0","0","Distributions (inc dividends)","19/07/2023"
"18/07/2023","Distribution","","","","BetaShares Global Sustainability Leaders ETF","ETHI","0.000000","0","7589.69","14223.65","0","0","Distributions (inc dividends)","19/07/2023"
"17/07/2023","Distribution","","","","Lazard Global Small Cap Equity Adv Fund - Class W","LAZ0012AU","0.000000","0","737.95","6633.96","0","0","Distributions (inc dividends)","19/07/2023"
"13/07/2023","Distribution","","","","Australian Ethical Australian Shares Fund - W/S","AUG0018AU","0.000000","0","1599.60","5896.01","0","0","Distributions (inc dividends)","17/07/2023"
"30/06/2023","Cash Account Interest","","","","Cash Account","","0.000000","0","15.17","4296.41","0","0","Cash account interest","05/07/2023"
"30/06/2023","Family Fee Rebate - Administration Fees","","","","","","0.000000","0","31.86","4281.24","0","0","Rebates & rewards","05/07/2023"
"30/06/2023","Fixed Term Advice Fee","","","","","","0.000000","606.58","0","4249.38","0","0","Advice fees","04/07/2023"
"30/06/2023","Administration Fees","","","","","","0.000000","186.28","0","4855.96","0","0","Administration costs","04/07/2023"
"24/06/2023","Withdrawal","","Corporate fees","","","","0.000000","571.78","0","5042.24","0","0","Withdrawals & payments (inc Transfer-outs)","26/06/2023"
"31/05/2023","Cash Account Interest","","","","Cash Account","","0.000000","0","16.94","5614.02","0","0","Cash account interest","05/06/2023"
"31/05/2023","Family Fee Rebate - Administration Fees","","","","","","0.000000","0","31.87","5597.08","0","0","Rebates & rewards","05/06/2023"
"31/05/2023","Fixed Term Advice Fee","","","","","","0.000000","626.79","0","5565.21","0","0","Advice fees","02/06/2023"
"31/05/2023","Administration Fees","","","","","","0.000000","192.28","0","6192.00","0","0","Administration costs","02/06/2023"
"17/05/2023","Fund Manager Fee Rebate","","","","","","0.000000","0","43.52","6384.28","0","0","Rebates & rewards","18/05/2023"
"30/04/2023","Cash Account Interest","","","","Cash Account","","0.000000","0","15.06","6340.76","0","0","Cash account interest","03/05/2023"
"30/04/2023","Family Fee Rebate - Administration Fees","","","","","","0.000000","0","30.84","6325.70","0","0","Rebates & rewards","03/05/2023"
"30/04/2023","Fixed Term Advice Fee","","","","","","0.000000","606.58","0","6294.86","0","0","Advice fees","02/05/2023"
"30/04/2023","Administration Fees","","","","","","0.000000","185.95","0","6901.44","0","0","Administration costs","02/05/2023"
"20/04/2023","Distribution","","","","Vanguard MSCI Index International Shares ETF","VGS","0.000000","0","353.80","7087.39","0","0","Distributions (inc dividends)","21/04/2023"
"20/04/2023","Distribution","","","","Vanguard Australian Shares Index ETF","VAS","0.000000","0","984.34","6733.59","0","0","Distributions (inc dividends)","21/04/2023"
"31/03/2023","Cash Account Interest","","","","Cash Account","","0.000000","0","77.63","5749.25","0","0","Cash account interest","05/04/2023"
"31/03/2023","Family Fee Rebate - Administration Fees","","","","","","0.000000","0","32.60","5671.62","0","0","Rebates & rewards","05/04/2023"
"31/03/2023","Fixed Term Advice Fee","","","","","","0.000000","626.79","0","5639.02","0","0","Advice fees","04/04/2023"
"31/03/2023","Administration Fees","","","","","","0.000000","186.82","0","6265.81","0","0","Administration costs","04/04/2023"
"23/03/2023","Brokerage Fee","","","","Vanguard MSCI Index International Shares ETF","VGS","0.000000","20.62","0","6452.63","0","0","Transaction costs (inc brokerage)","23/03/2023"
"23/03/2023","Brokerage Fee","","","","Vanguard Australian Shares Index ETF","VAS","0.000000","20.50","0","6473.25","0","0","Transaction costs (inc brokerage)","23/03/2023"
"23/03/2023","Brokerage Fee","","","","BetaShares Australian Sustainability Leaders ETF","FAIR","0.000000","20.61","0","6493.75","0","0","Transaction costs (inc brokerage)","23/03/2023"
"23/03/2023","Brokerage Fee","","","","BetaShares Global Sustainability Leaders ETF","ETHI","0.000000","20.63","0","6514.36","0","0","Transaction costs (inc brokerage)","23/03/2023"
"22/03/2023","Asset Purchase","","","","ATLAS Infrastructure Glbl Fund - AUD Hdgd Class","PIM9253AU","3844.272035","5500.00","0","6534.99","1.43","0","Asset Purchases","24/03/2023"
"22/03/2023","Asset Purchase","","","","Fairlight Global Small & Mid Cap Unhedged - Cl A","PIM7802AU","3725.277703","5500.00","0","12034.99","1.48","0","Asset Purchases","27/03/2023"
"22/03/2023","Asset Purchase","","","","Lazard Global Small Cap Equity Adv Fund - Class W","LAZ0012AU","2440.106477","5500.00","0","17534.99","2.25","0","Asset Purchases","24/03/2023"
"22/03/2023","Asset Purchase","","","","Pengana WHEB Sustainable Impact Fund","HHA0007AU","3837.030836","5500.00","0","23034.99","1.43","0","Asset Purchases","24/03/2023"
"22/03/2023","Asset Purchase","","","","Fidelity Asia Fund","FID0010AU","442.451180","11000.00","0","28534.99","24.86","0","Asset Purchases","24/03/2023"
"22/03/2023","Asset Purchase","","","","Australian Ethical Australian Shares Fund - W/S","AUG0018AU","4622.625651","11000.00","0","39534.99","2.38","0","Asset Purchases","24/03/2023"
"21/03/2023","Asset Purchase","","","","Vanguard MSCI Index International Shares ETF","VGS","172.000000","16494.80","0","50534.99","95.9","0","Asset Purchases","22/03/2023"
"21/03/2023","Asset Purchase","","","","Vanguard Australian Shares Index ETF","VAS","188.000000","16403.00","0","67029.79","87.25","0","Asset Purchases","22/03/2023"
"21/03/2023","Asset Purchase","","","","BetaShares Australian Sustainability Leaders ETF","FAIR","961.000000","16490.76","0","83432.79","17.16","0","Asset Purchases","22/03/2023"
"21/03/2023","Asset Purchase","","","","BetaShares Global Sustainability Leaders ETF","ETHI","1434.000000","16505.34","0","99923.55","11.51","0","Asset Purchases","22/03/2023"
"15/03/2023","Savings Plan","","","","","","0.000000","0","110000.00","116428.89","0","0","Contributions & deposits (inc Transfer-ins)","15/03/2023"
"28/02/2023","Cash Account Interest","","","","Cash Account","","0.000000","0","41.12","6428.89","0","0","Cash account interest","03/03/2023"
"28/02/2023","Family Fee Rebate - Administration Fees","","","","","","0.000000","0","22.88","6387.77","0","0","Rebates & rewards","03/03/2023"
"28/02/2023","Fixed Term Advice Fee","","","","","","0.000000","566.14","0","6364.89","0","0","Advice fees","02/03/2023"
"28/02/2023","Administration Fees","","","","","","0.000000","157.84","0","6931.03","0","0","Administration costs","02/03/2023"
"20/02/2023","Brokerage Fee","","","","Vanguard MSCI Index International Shares ETF","VGS","0.000000","20.49","0","7088.87","0","0","Transaction costs (inc brokerage)","20/02/2023"
"20/02/2023","Brokerage Fee","","","","Vanguard Australian Shares Index ETF","VAS","0.000000","20.59","0","7109.36","0","0","Transaction costs (inc brokerage)","20/02/2023"
"20/02/2023","Brokerage Fee","","","","BetaShares Australian Sustainability Leaders ETF","FAIR","0.000000","20.65","0","7129.95","0","0","Transaction costs (inc brokerage)","20/02/2023"
"20/02/2023","Brokerage Fee","","","","BetaShares Global Sustainability Leaders ETF","ETHI","0.000000","20.60","0","7150.60","0","0","Transaction costs (inc brokerage)","20/02/2023"
"17/02/2023","Asset Purchase","","","","ATLAS Infrastructure Glbl Fund - AUD Hdgd Class","PIM9253AU","3720.993167","5500.00","0","7171.20","1.48","0","Asset Purchases","22/02/2023"
"17/02/2023","Asset Purchase","","","","Fairlight Global Small & Mid Cap Unhedged - Cl A","PIM7802AU","3582.128436","5500.00","0","12671.20","1.54","0","Asset Purchases","22/02/2023"
"17/02/2023","Asset Purchase","","","","Lazard Global Small Cap Equity Adv Fund - Class W","LAZ0012AU","2295.300893","5500.00","0","18171.20","2.40","0","Asset Purchases","21/02/2023"
"17/02/2023","Asset Purchase","","","","Pengana WHEB Sustainable Impact Fund","HHA0007AU","3778.510580","5500.00","0","23671.20","1.46","0","Asset Purchases","21/02/2023"
"17/02/2023","Asset Purchase","","","","Fidelity Asia Fund","FID0010AU","445.508264","11000.00","0","29171.20","24.69","0","Asset Purchases","21/02/2023"
"17/02/2023","Asset Purchase","","","","Australian Ethical Australian Shares Fund - W/S","AUG0018AU","4455.966945","11000.00","0","40171.20","2.47","0","Asset Purchases","23/02/2023"
"16/02/2023","Asset Purchase","","","","Vanguard MSCI Index International Shares ETF","VGS","168.000000","16391.76","0","51171.20","97.57","0","Asset Purchases","17/02/2023"
"16/02/2023","Asset Purchase","","","","Vanguard Australian Shares Index ETF","VAS","180.000000","16473.60","0","67562.96","91.52","0","Asset Purchases","17/02/2023"
"16/02/2023","Asset Purchase","","","","BetaShares Australian Sustainability Leaders ETF","FAIR","923.000000","16521.70","0","84036.56","17.9","0","Asset Purchases","17/02/2023"
"16/02/2023","Asset Purchase","","","","BetaShares Global Sustainability Leaders ETF","ETHI","1404.000000","16482.96","0","100558.26","11.74","0","Asset Purchases","17/02/2023"
"15/02/2023","Savings Plan","","","","","","0.000000","0","110000.00","117041.22","0","0","Contributions & deposits (inc Transfer-ins)","15/02/2023"
"09/02/2023","Fund Manager Fee Rebate","","","","","","0.000000","0","27.32","7041.22","0","0","Rebates & rewards","09/02/2023"
"02/02/2023","Fund Manager Fee Rebate","","","","","","0.000000","0","4.33","7013.90","0","0","Rebates & rewards","02/02/2023"
"31/01/2023","Cash Account Interest","","","","Cash Account","","0.000000","0","36.03","7009.57","0","0","Cash account interest","03/02/2023"
"31/01/2023","Fixed Term Advice Fee","","","","","","0.000000","626.79","0","6973.54","0","0","Advice fees","02/02/2023"
"31/01/2023","Administration Fees","","","","","","0.000000","158.70","0","7600.33","0","0","Administration costs","02/02/2023"
"19/01/2023","Brokerage Fee","","","","Vanguard MSCI Index International Shares ETF","VGS","0.000000","20.63","0","7759.03","0","0","Transaction costs (inc brokerage)","19/01/2023"
"19/01/2023","Brokerage Fee","","","","Vanguard Australian Shares Index ETF","VAS","0.000000","20.54","0","7779.66","0","0","Transaction costs (inc brokerage)","19/01/2023"
"19/01/2023","Brokerage Fee","","","","BetaShares Australian Sustainability Leaders ETF","FAIR","0.000000","20.63","0","7800.20","0","0","Transaction costs (inc brokerage)","19/01/2023"
"19/01/2023","Brokerage Fee","","","","BetaShares Global Sustainability Leaders ETF","ETHI","0.000000","20.61","0","7820.83","0","0","Transaction costs (inc brokerage)","19/01/2023"
"18/01/2023","Distribution","","","","Vanguard MSCI Index International Shares ETF","VGS","0.000000","0","321.98","7841.44","0","0","Distributions (inc dividends)","19/01/2023"
"18/01/2023","Distribution","","","","Vanguard Australian Shares Index ETF","VAS","0.000000","0","868.19","7519.46","0","0","Distributions (inc dividends)","19/01/2023"
"18/01/2023","Asset Purchase","","","","ATLAS Infrastructure Glbl Fund - AUD Hdgd Class","PIM9253AU","3731.090157","5500.00","0","6651.27","1.47","0","Asset Purchases","23/01/2023"
"18/01/2023","Asset Purchase","","","","Fairlight Global Small & Mid Cap Unhedged - Cl A","PIM7802AU","3755.547969","5500.00","0","12151.27","1.46","0","Asset Purchases","23/01/2023"
"18/01/2023","Asset Purchase","","","","Lazard Global Small Cap Equity Adv Fund - Class W","LAZ0012AU","2428.577737","5500.00","0","17651.27","2.26","0","Asset Purchases","20/01/2023"
"18/01/2023","Asset Purchase","","","","Pengana WHEB Sustainable Impact Fund","HHA0007AU","3886.651120","5500.00","0","23151.27","1.42","0","Asset Purchases","20/01/2023"
"18/01/2023","Asset Purchase","","","","Fidelity Asia Fund","FID0010AU","449.285840","11000.00","0","28651.27","24.48","0","Asset Purchases","20/01/2023"
"18/01/2023","Distribution","","","","BetaShares Australian Sustainability Leaders ETF","FAIR","0.000000","0","1099.75","39651.27","0","0","Distributions (inc dividends)","19/01/2023"
"18/01/2023","Distribution","","","","BetaShares Global Sustainability Leaders ETF","ETHI","0.000000","0","301.23","38551.52","0","0","Distributions (inc dividends)","19/01/2023"
"18/01/2023","Asset Purchase","","","","Australian Ethical Australian Shares Fund - W/S","AUG0018AU","4429.589659","11000.00","0","38250.29","2.48","0","Asset Purchases","20/01/2023"
"17/01/2023","Asset Purchase","","","","Vanguard MSCI Index International Shares ETF","VGS","177.000000","16501.71","0","49250.29","93.23","0","Asset Purchases","18/01/2023"
"17/01/2023","Asset Purchase","","","","Vanguard Australian Shares Index ETF","VAS","180.000000","16434.00","0","65752.00","91.3","0","Asset Purchases","18/01/2023"
"17/01/2023","Asset Purchase","","","","BetaShares Australian Sustainability Leaders ETF","FAIR","953.000000","16505.96","0","82186.00","17.32","0","Asset Purchases","18/01/2023"
"17/01/2023","Asset Purchase","","","","BetaShares Global Sustainability Leaders ETF","ETHI","1475.000000","16490.50","0","98691.96","11.18","0","Asset Purchases","18/01/2023"
"15/01/2023","Savings Plan","","","","","","0.000000","0","110000.00","115182.46","0","0","Contributions & deposits (inc Transfer-ins)","16/01/2023"
"13/01/2023","Distribution","","","","ATLAS Infrastructure Glbl Fund - AUD Hdgd Class","PIM9253AU","0.000000","0","302.60","5182.46","0","0","Distributions (inc dividends)","17/01/2023"
"11/01/2023","Distribution","","","","Australian Ethical Australian Shares Fund - W/S","AUG0018AU","0.000000","0","616.83","4879.86","0","0","Distributions (inc dividends)","13/01/2023"
"31/12/2022","Cash Account Interest","","","","Cash Account","","0.000000","0","33.46","4263.03","0","0","Cash account interest","05/01/2023"
"31/12/2022","Fixed Term Advice Fee","","","","","","0.000000","626.79","0","4229.57","0","0","Advice fees","04/01/2023"
"31/12/2022","Administration Fees","","","","","","0.000000","144.19","0","4856.36","0","0","Administration costs","04/01/2023"
"20/12/2022","Brokerage Fee","","","","Vanguard MSCI Index International Shares ETF","VGS","0.000000","20.43","0","5000.55","0","0","Transaction costs (inc brokerage)","20/12/2022"
"20/12/2022","Brokerage Fee","","","","Vanguard Australian Shares Index ETF","VAS","0.000000","20.45","0","5020.98","0","0","Transaction costs (inc brokerage)","20/12/2022"
"20/12/2022","Brokerage Fee","","","","BetaShares Australian Sustainability Leaders ETF","FAIR","0.000000","20.52","0","5041.43","0","0","Transaction costs (inc brokerage)","20/12/2022"
"20/12/2022","Brokerage Fee","","","","BetaShares Global Sustainability Leaders ETF","ETHI","0.000000","20.54","0","5061.95","0","0","Transaction costs (inc brokerage)","20/12/2022"
"19/12/2022","Asset Purchase","","","","ATLAS Infrastructure Glbl Fund - AUD Hdgd Class","PIM9253AU","3917.429880","5475.00","0","5082.49","1.40","0","Asset Purchases","21/12/2022"
"19/12/2022","Asset Purchase","","","","Fairlight Global Small & Mid Cap Unhedged - Cl A","PIM7802AU","3877.478754","5475.00","0","10557.49","1.41","0","Asset Purchases","22/12/2022"
"19/12/2022","Asset Purchase","","","","Lazard Global Small Cap Equity Adv Fund - Class W","LAZ0012AU","2463.109592","5475.00","0","16032.49","2.22","0","Asset Purchases","21/12/2022"
"19/12/2022","Asset Purchase","","","","Pengana WHEB Sustainable Impact Fund","HHA0007AU","4000.730727","5475.00","0","21507.49","1.37","0","Asset Purchases","21/12/2022"
"19/12/2022","Asset Purchase","","","","Fidelity Asia Fund","FID0010AU","459.616825","10925.00","0","26982.49","23.77","0","Asset Purchases","21/12/2022"
"19/12/2022","Asset Purchase","","","","Australian Ethical Australian Shares Fund - W/S","AUG0018AU","4479.662129","10925.00","0","37907.49","2.44","0","Asset Purchases","21/12/2022"
"16/12/2022","Asset Purchase","","","","Vanguard MSCI Index International Shares ETF","VGS","174.000000","16343.82","0","48832.49","93.93","0","Asset Purchases","19/12/2022"
"16/12/2022","Asset Purchase","","","","Vanguard Australian Shares Index ETF","VAS","183.000000","16356.33","0","65176.31","89.38","0","Asset Purchases","19/12/2022"
"16/12/2022","Asset Purchase","","","","BetaShares Australian Sustainability Leaders ETF","FAIR","954.000000","16418.34","0","81532.64","17.21","0","Asset Purchases","19/12/2022"
"16/12/2022","Asset Purchase","","","","BetaShares Global Sustainability Leaders ETF","ETHI","1448.000000","16434.80","0","97950.98","11.35","0","Asset Purchases","19/12/2022"
"15/12/2022","Savings Plan","","","","","","0.000000","0","110000.00","114385.78","0","0","Contributions & deposits (inc Transfer-ins)","15/12/2022"
"02/12/2022","Investment","WRAP0611210112202","","","","","0.000000","0","98.57","4385.78","0","0","Contributions & deposits (inc Transfer-ins)","02/12/2022"
"01/12/2022","Fund Manager Fee Rebate","","","","","","0.000000","0","0.97","4287.21","0","0","Rebates & rewards","01/12/2022"
"30/11/2022","Cash Account Interest","","","","Cash Account","","0.000000","0","23.32","4286.24","0","0","Cash account interest","05/12/2022"
"30/11/2022","Fixed Term Advice Fee","","","","","","0.000000","606.58","0","4262.92","0","0","Advice fees","02/12/2022"
"30/11/2022","Administration Fees","","","","","","0.000000","124.04","0","4869.50","0","0","Administration costs","02/12/2022"
"18/11/2022","Brokerage Fee","","","","Vanguard MSCI Index International Shares ETF","VGS","0.000000","20.64","0","4993.54","0","0","Transaction costs (inc brokerage)","18/11/2022"
"18/11/2022","Brokerage Fee","","","","Vanguard Australian Shares Index ETF","VAS","0.000000","20.59","0","5014.18","0","0","Transaction costs (inc brokerage)","18/11/2022"
"18/11/2022","Brokerage Fee","","","","BetaShares Australian Sustainability Leaders ETF","FAIR","0.000000","20.60","0","5034.77","0","0","Transaction costs (inc brokerage)","18/11/2022"
"18/11/2022","Brokerage Fee","","","","BetaShares Global Sustainability Leaders ETF","ETHI","0.000000","20.65","0","5055.37","0","0","Transaction costs (inc brokerage)","18/11/2022"
"17/11/2022","Asset Purchase","","","","ATLAS Infrastructure Glbl Fund - AUD Hdgd Class","PIM9253AU","3892.152006","5500.00","0","5076.02","1.41","0","Asset Purchases","21/11/2022"
"17/11/2022","Asset Purchase","","","","Fairlight Global Small & Mid Cap Unhedged - Cl A","PIM7802AU","3800.967519","5500.00","0","10576.02","1.45","0","Asset Purchases","22/11/2022"
"17/11/2022","Asset Purchase","","","","Lazard Global Small Cap Equity Adv Fund - Class W","LAZ0012AU","2399.546268","5500.00","0","16076.02","2.29","0","Asset Purchases","21/11/2022"
"17/11/2022","Asset Purchase","","","","Pengana WHEB Sustainable Impact Fund","HHA0007AU","3889.124593","5500.00","0","21576.02","1.41","0","Asset Purchases","21/11/2022"
"17/11/2022","Asset Purchase","","","","Fidelity Asia Fund","FID0010AU","474.099104","11000.00","0","27076.02","23.20","0","Asset Purchases","21/11/2022"
"17/11/2022","Asset Purchase","","","","Australian Ethical Australian Shares Fund - W/S","AUG0018AU","4516.340943","11000.00","0","38076.02","2.44","0","Asset Purchases","21/11/2022"
"17/11/2022","Fund Manager Fee Rebate","","","","","","0.000000","0","0.93","49076.02","0","0","Rebates & rewards","18/11/2022"
"16/11/2022","Asset Purchase","","","","Vanguard MSCI Index International Shares ETF","VGS","175.000000","16511.25","0","49075.09","94.35","0","Asset Purchases","17/11/2022"
"16/11/2022","Asset Purchase","","","","Vanguard Australian Shares Index ETF","VAS","186.000000","16474.02","0","65586.34","88.57","0","Asset Purchases","17/11/2022"
"16/11/2022","Asset Purchase","","","","BetaShares Australian Sustainability Leaders ETF","FAIR","958.000000","16477.60","0","82060.36","17.2","0","Asset Purchases","17/11/2022"
"16/11/2022","Asset Purchase","","","","BetaShares Global Sustainability Leaders ETF","ETHI","1462.000000","16520.60","0","98537.96","11.3","0","Asset Purchases","17/11/2022"
"15/11/2022","Investment","","","","","","0.000000","0","110000.00","115058.56","0","0","Contributions & deposits (inc Transfer-ins)","16/11/2022"
"31/10/2022","Cash Account Interest","","","","Cash Account","","0.000000","0","99.67","5058.56","0","0","Cash account interest","03/11/2022"
"31/10/2022","Fixed Term Advice Fee","","","","","","0.000000","626.79","0","4958.89","0","0","Advice fees","02/11/2022"
"31/10/2022","Administration Fees","","","","","","0.000000","110.30","0","5585.68","0","0","Administration costs","02/11/2022"
"25/10/2022","Brokerage Fee","","","","Vanguard MSCI Index International Shares ETF","VGS","0.000000","36.98","0","5695.98","0","0","Transaction costs (inc brokerage)","25/10/2022"
"25/10/2022","Brokerage Fee","","","","Vanguard Australian Shares Index ETF","VAS","0.000000","42.54","0","5732.96","0","0","Transaction costs (inc brokerage)","25/10/2022"
"25/10/2022","Asset Purchase","","","","Fidelity Asia Fund","FID0010AU","54.312673","1100.00","0","5775.50","20.25","0","Asset Purchases","27/10/2022"
"25/10/2022","Brokerage Fee","","","","BetaShares Australian Sustainability Leaders ETF","FAIR","0.000000","81.72","0","6875.50","0","0","Transaction costs (inc brokerage)","25/10/2022"
"25/10/2022","Brokerage Fee","","","","BetaShares Global Sustainability Leaders ETF","ETHI","0.000000","81.90","0","6957.22","0","0","Transaction costs (inc brokerage)","25/10/2022"
"21/10/2022","Asset Purchase","","","","Vanguard MSCI Index International Shares ETF","VGS","322.000000","29585.36","0","7039.12","91.88","0","Asset Purchases","24/10/2022"
"21/10/2022","Asset Purchase","","","","Vanguard Australian Shares Index ETF","VAS","410.000000","34030.00","0","36624.48","83","0","Asset Purchases","24/10/2022"
"21/10/2022","Asset Purchase","","","","BetaShares Australian Sustainability Leaders ETF","FAIR","3967.000000","65376.16","0","70654.48","16.48","0","Asset Purchases","24/10/2022"
"21/10/2022","Asset Purchase","","","","BetaShares Global Sustainability Leaders ETF","ETHI","6095.000000","65521.25","0","136030.64","10.75","0","Asset Purchases","24/10/2022"
"19/10/2022","Asset Purchase","","","","ATLAS Infrastructure Glbl Fund - AUD Hdgd Class","PIM9253AU","16729.132506","21425.00","0","201551.89","1.28","0","Asset Purchases","21/10/2022"
"17/10/2022","Brokerage Fee","","","","Vanguard Global Infrastructure Index ETF","VBLD","0.000000","40.94","0","222976.89","0","0","Transaction costs (inc brokerage)","17/10/2022"
"17/10/2022","Asset Sale","","","","Solaris Core Australian Equity Fund PA","SOL0001AU","-19957.293488","0","30392.96","223017.83","0","1.52","Asset Sales","20/10/2022"
"17/10/2022","Brokerage Fee","","","","Magellan Infrastructure Fund (Currency Hedged)","MICH","0.000000","39.64","0","192624.87","0","0","Transaction costs (inc brokerage)","17/10/2022"
"17/10/2022","Brokerage Fee","","","","Magellan Global Fund (Open Class) (Managed Fund)","MGOC","0.000000","50.18","0","192664.51","0","0","Transaction costs (inc brokerage)","17/10/2022"
"14/10/2022","Asset Sale","","","","Pendal Focus Australian Share Fund","RFA0059AU","-27836.570656","0","61997.61","192714.69","0","2.23","Asset Sales","19/10/2022"
"14/10/2022","Asset Sale","","","","Platinum Asia Fund - Class C","PLA0004AU","-23163.857987","0","46587.15","130717.08","0","2.01","Asset Sales","19/10/2022"
"14/10/2022","Asset Purchase","","","","Fairlight Global Small & Mid Cap Unhedged - Cl A","PIM7802AU","15808.308124","21425.00","0","84129.93","1.36","0","Asset Purchases","19/10/2022"
"14/10/2022","Asset Sale","","","","Lazard Global Small Cap Equity Adv Fund - Class W","LAZ0012AU","-4797.587499","0","10500.00","105554.93","0","2.19","Asset Sales","20/10/2022"
"14/10/2022","Asset Purchase","","","","Pengana WHEB Sustainable Impact Fund","HHA0007AU","16543.124083","21425.00","0","95054.93","1.30","0","Asset Purchases","18/10/2022"
"14/10/2022","Asset Sale","","","","Fidelity Asia Fund","FID0010AU","-692.313018","0","15000.00","116479.93","0","21.67","Asset Sales","21/10/2022"
"14/10/2022","Asset Sale","","","","Bennelong ex-20 Australian Equities Fund","BFL0004AU","-15281.290246","0","34084.92","101479.93","0","2.23","Asset Sales","21/10/2022"
"14/10/2022","Asset Purchase","","","","Australian Ethical Australian Shares Fund - W/S","AUG0018AU","18013.489171","43000.00","0","67395.01","2.39","0","Asset Purchases","18/10/2022"
"13/10/2022","Asset Sale","","","","Vanguard Global Infrastructure Index ETF","VBLD","-547.000000","0","32748.89","110395.01","0","59.87","Asset Sales","14/10/2022"
"13/10/2022","Asset Sale","","","","Magellan Infrastructure Fund (Currency Hedged)","MICH","-12635.000000","0","31713.85","77646.12","0","2.51","Asset Sales","14/10/2022"
"13/10/2022","Asset Sale","","","","Magellan Global Fund (Open Class) (Managed Fund)","MGOC","-17686.000000","0","40147.22","45932.27","0","2.27","Asset Sales","14/10/2022"
"05/10/2022","Transfer In","","","","Vanguard MSCI Index International Shares ETF","VGS","390.000000","35844.90","0","5785.05","91.91","0","Asset Purchases","06/10/2022"
"05/10/2022","Transfer In","","","","Vanguard Global Infrastructure Index ETF","VBLD","547.000000","34718.09","0","41629.95","63.47","0","Asset Purchases","06/10/2022"
"05/10/2022","Transfer In","","","","Vanguard Australian Shares Index ETF","VAS","379.000000","32074.77","0","76348.04","84.63","0","Asset Purchases","06/10/2022"
"05/10/2022","Transfer In","","","","Magellan Infrastructure Fund (Currency Hedged)","MICH","12635.000000","34367.20","0","108422.81","2.72","0","Asset Purchases","06/10/2022"
"05/10/2022","Transfer In","","","","Magellan Global Fund (Open Class) (Managed Fund)","MGOC","17686.000000","41385.24","0","142790.01","2.34","0","Asset Purchases","06/10/2022"
"05/10/2022","Asset Transfer In - Cash Adjustment","","","","","","0.000000","0","35844.90","184175.25","0","0","Contributions & deposits (inc Transfer-ins)","06/10/2022"
"05/10/2022","Asset Transfer In - Cash Adjustment","","","","","","0.000000","0","34718.09","148330.35","0","0","Contributions & deposits (inc Transfer-ins)","06/10/2022"
"05/10/2022","Asset Transfer In - Cash Adjustment","","","","","","0.000000","0","32074.77","113612.26","0","0","Contributions & deposits (inc Transfer-ins)","06/10/2022"
"05/10/2022","Asset Transfer In - Cash Adjustment","","","","","","0.000000","0","34367.20","81537.49","0","0","Contributions & deposits (inc Transfer-ins)","06/10/2022"
"05/10/2022","Asset Transfer In - Cash Adjustment","","","","","","0.000000","0","41385.24","47170.29","0","0","Contributions & deposits (inc Transfer-ins)","06/10/2022"
"04/10/2022","Withdrawal","","Contribution Re-Imbursement","","","","0.000000","50000.00","0","5785.05","0","0","Withdrawals & payments (inc Transfer-outs)","05/10/2022"
"04/10/2022","Investment","WRAP0611210310202","","","","","0.000000","0","55792.37","55785.05","0","0","Contributions & deposits (inc Transfer-ins)","04/10/2022"
"30/09/2022","Administration Fees","","","","","","0.000000","7.32","0","-7.32","0","0","Administration costs","04/10/2022"
"28/09/2022","Inspecie Asset Transfer from WRAP061121","","","","Solaris Core Australian Equity Fund PA","SOL0001AU","19957.293488","29446.99","0","0.00","1.48","0","Asset Purchases","28/09/2022"
"28/09/2022","Inspecie Asset Transfer from WRAP061121","","","","Pendal Focus Australian Share Fund","RFA0059AU","27836.570656","59200.03","0","29446.99","2.13","0","Asset Purchases","28/09/2022"
"28/09/2022","Inspecie Asset Transfer from WRAP061121","","","","Platinum Asia Fund - Class C","PLA0004AU","23163.857987","47379.36","0","88647.02","2.05","0","Asset Purchases","28/09/2022"
"28/09/2022","Inspecie Asset Transfer from WRAP061121","","","","Lazard Global Small Cap Equity Adv Fund - Class W","LAZ0012AU","14650.693178","30066.15","0","136026.38","2.05","0","Asset Purchases","28/09/2022"
"28/09/2022","Inspecie Asset Transfer from WRAP061121","","","","Fidelity Asia Fund","FID0010AU","2685.129471","57086.39","0","166092.53","21.26","0","Asset Purchases","28/09/2022"
"28/09/2022","Inspecie Asset Transfer from WRAP061121","","","","Bennelong ex-20 Australian Equities Fund","BFL0004AU","15281.290246","33933.63","0","223178.92","2.22","0","Asset Purchases","28/09/2022"
"28/09/2022","Asset Transfer In - Cash Adjustment","","","","","","0.000000","0","257112.55","257112.55","0","0","Contributions & deposits (inc Transfer-ins)","28/09/2022"
"28/09/2022","Opening Cash Balance","","","","","","0","0","0","0.0","0","0","",""

"* The Integrated Cash Transaction Listing above includes all cash transactions for the period, including cash transactions in your Managed Account. Separate cash transaction listings are available to exclude the impact of Managed Account transactions or for Managed Account transactions only. These listings can be generated via Transactions History and Reports & Statements."

"Important information"
"This report has been prepared using an estimate of your cash balance based on the most recent information available to Netwealth for the reporting period selected. The amounts shown are reflective of transactions over the period, but do not represent a guarantee in the value of your cash or your superannuation benefit. This is because the amounts may not take into account all income entitled to be received, and/or any fees, costs, taxes or other amounts liable to be paid. If you request to make a withdrawal, or are eligible to request a benefit payment, the actual amount available will be determined at the time any such payment is made. The effect of displaying figures to 2 decimal places may lead to some rounding errors. You should refer to the PDF version of this report for further explanation about the data."

"Inception date used in the report is the earlier of the date on which the first amount of money was contributed into your Wealth Accelerator account, or the earliest acquisition date we have recorded for adviser managed assets."

"This document has been prepared by Netwealth Investments Limited (ABN 85 090 569 109, AFSL 230975) (NIL) in its capacity as the operator of the Netwealth Investment Wrap Service and Russell Investments Wealth Series; and as administrator of the Netwealth Superannuation Master Fund and Wealth Accelerator Multi-asset Portfolio Service. Netwealth Superannuation Services Pty Ltd (ABN 80 636 951 310, AFSL 528032) (NSS) is the trustee of the Netwealth Superannuation Master Fund (ABN 94 573 747 704)."

"Whilst reasonable care has been taken to prepare this document using sources believed to be reliable and accurate, to the maximum extent permitted by law, Netwealth Group Limited (ABN 84 620 145 404) and its related parties (including NIL and NSS), employees and directors (Netwealth) are not responsible for and will not accept liability in connection with any loss or damage suffered by any person arising from reliance on this information."

"This document is only for access and use by the named or intended recipients and their authorised agents. Unauthorised use, modification, disclosure or distribution to any other party without Netwealth's express prior written consent is prohibited."

"Where this document contains assets of other investment related information for a stated period, it is important to remember that past performance is not a reliable indicator of future performance. Where this document contains any taxation related information, that information is based on present taxation laws which are subject to change. Netwealth or its related entities are not registered tax (financial) adviser under the Tax Agent Services Act 2009 and if you intend to rely on the information to satisfy liabilities or obligations or claim entitlements that arise, or could arise, under a taxation law, you should request advice from a registered tax agent or a registered tax (financial) adviser."

"If this document contains information regarding adviser managed assets or other information sourced from a third party (such as prices or exchange rates), that information has been delivered using data furnished by you, your financial adviser or a third party. Information may not be current and actual values/data may differ. Netwealth is not responsible for ensuring the accuracy or completeness of that information and makes no representation regarding those matters. Any reliance on this information is at your sole risk and Netwealth or its related entities will not accept any liability for any resulting harm, loss or damage suffered by any person."

"The information in this document is of a general nature only and has been prepared without taking into account your individual objectives, financial situation or needs. You should obtain and consider the relevant disclosure documents issued by NIL and NSS (available at netwealth.com.au), any relevant terms and conditions, and seek financial or other professional advice as required to assess your personal circumstances before making decisions."

"Wrap Service clients: The Wrap Service auditor, for the purposes of preparing its annual report and inspecting Quarterly Report information, will only consider information that is displayed online at each quarter end."

